/home/attila/projects/monoallelic-brain/notebook/2016-02-10-statistical-overview/statistical-overview.bib