/home/attila/bibliography/library.bib